@article{Maamar:2000:OSA:351936.351955,
	author = {Maamar, Zakaria and Moulin, Bernard},
	title = {An Overview of Software Agent-oriented Frameworks},
	journal = {ACM Comput. Surv.},
	issue_date = {March 2000},
	volume = {32},
	number = {1es},
	month = mar,
	year = {2000},
	issn = {0360-0300},
	articleno = {19},
	doi = {10.1145/351936.351955},
	acmid = {351955},
	publisher = {ACM},
	address = {New York, NY, USA}
},
@article{woods2016,
	author = {Woods, Eoin},
	year = {2016},
	month = {11},
	pages = {94-97},
	title = {Software Architecture in a Changing World},
	volume = {33},
	journal = {IEEE Software},
	doi = {10.1109/MS.2016.149}
},
@book{Sommerville,
	author = {Sommerville, Ian},
	title = {Software Engineering},
	year = {2010},
	isbn = {0137035152, 9780137035151},
	edition = {9th},
	publisher = {Addison-Wesley Publishing Company},
	address = {USA},
},
@book{Andrade:2014:FSP:2823980,
	author = {Andrade, Henrique C. M. and Gedik, Bugra and Turaga, Deepak S.},
	title = {Fundamentals of Stream Processing: Application Design, Systems, and Analytics},
	year = {2014},
	isbn = {1107015545, 9781107015548},
	edition = {1st},
	publisher = {Cambridge University Press},
	address = {New York, NY, USA},
},
@article{Devakunchari,
	author = {R.Devakunchari},
	title = {Analysis on big data over the years},
	year = {2014},
	journal = {International Journal of Scientific and Research Publications (IJSRP)},
	volume = {4}
},
@inbook{data_stream_processing,
	author = {Gama, JoÃ£o and Rodrigues, Pedro},
	year = {2007},
	month = {01},
	pages = {25-39},
	title = {Data Stream Processing},
	isbn = {9783540736783},
	doi = {10.1007/3-540-73679-4_3}
},
@inproceedings{Nguyen:2005:SRS:1097002.1097015,
	author = {Nguyen, Tho Manh and Schiefer, Josef and Tjoa, A. Min},
	title = {Sense \& Response Service Architecture ({SARESA}): An Approach Towards a Real-time Business Intelligence Solution and Its Use for a Fraud Detection Application},
	booktitle = {Proceedings of the 8th ACM International Workshop on Data Warehousing and OLAP},
	series = {DOLAP '05},
	year = {2005},
	isbn = {1-59593-162-7},
	location = {Bremen, Germany},
	pages = {77--86},
	numpages = {10},
	url = {http://doi.acm.org/10.1145/1097002.1097015},
	doi = {10.1145/1097002.1097015},
	acmid = {1097015},
	publisher = {ACM},
	address = {New York, NY, USA},
	keywords = {data analysis, event sense \& response, real-time business intelligence, real-time data warehousing and OLAP},
},
@inproceedings{pipeline_microservices,
	author = {Cancellieri, Matteo; Pontika, Nancy; Pearce, Samuel; Anastasiou, Lucas and Knoth, Petr},
	title = {Building scalable digital library ingestion pipelines using microservices},
	booktitle = {11th International Conference on Metadata and Semantics Research,},
	series = { MSTR 2017},
	year = {2017},
	location = {Tallinn, Estonia}
},
@INPROCEEDINGS{Hasselbring, 
	author={W. {Hasselbring} and G. {Steinacker}}, 
	booktitle={2017 IEEE International Conference on Software Architecture Workshops (ICSAW)}, 
	title={Microservice Architectures for Scalability, Agility and Reliability in E-Commerce}, 
	year={2017}, 
	volume={}, 
	number={}, 
	pages={243-246}, 
	keywords={electronic commerce;information systems;middleware;software architecture;software quality;software reliability;microservice architectures;scalability;agility;reliability;e-commerce;middleware stacks;vertical decomposition;self contained systems;microservices granularity;automated quality assurance;information system integration;Computer architecture;Scalability;Pipelines;Software;Business;Reliability;Monitoring;Microservices;Scalability;Agility;Reliability;E-Commerce}, 
	doi={10.1109/ICSAW.2017.11}, 
	ISSN={}, 
	month={April}
},
@article{Cerny_microservices,
	author = {Cerny, Tomas and Donahoo, Michael J. and Trnka, Michal},
	title = {Contextual Understanding of Microservice Architecture: Current and Future Directions},
	journal = {SIGAPP Appl. Comput. Rev.},
	issue_date = {December 2017},
	volume = {17},
	number = {4},
	month = jan,
	year = {2018},
	issn = {1559-6915},
	pages = {29--45},
	numpages = {17},
	url = {http://doi.acm.org.cit.idm.oclc.org/10.1145/3183628.3183631},
	doi = {10.1145/3183628.3183631},
	acmid = {3183631},
	publisher = {ACM},
	address = {New York, NY, USA},
	keywords = {SOA, architectures, microservices, self-contained systems, survey, systematic mapping study}
},
@INPROCEEDINGS{8359145, 
	author={B. {Mayer} and R. {Weinreich}}, 
	booktitle={2018 IEEE Symposium on Service-Oriented System Engineering (SOSE)}, 
	title={An Approach to Extract the Architecture of Microservice-Based Software Systems}, 
	year={2018}, 
	volume={}, 
	number={}, 
	pages={21-30}, 
	keywords={service-oriented architecture;software fault tolerance;microservices decouple network-accessible system components;independent development;component relations;static sources;component relationships;existing systems;static structure;service relations;runtime properties;static service information;runtime information;microservice-based software system architecture;aggregated runtime information;infrastructure-related information;Computer architecture;Runtime;Software systems;Data models;Documentation;Containers;Monitoring;Microservices;architecture extraction;microservice monitoring;microservice management}, 
	doi={10.1109/SOSE.2018.00012}, 
	ISSN={}, 
	month={March}
},
@INPROCEEDINGS{8548311, 
	author={F. {Pina} and J. {Correia} and R. {Filipe} and F. {Araujo} and J. {Cardroom}}, 
	booktitle={2018 IEEE 17th International Symposium on Network Computing and Applications (NCA)}, 
	title={Nonintrusive Monitoring of Microservice-Based Systems}, 
	year={2018}, 
	volume={}, 
	number={}, 
	pages={1-8}, 
	keywords={large-scale systems;service-oriented architecture;software maintenance;source code (software);nonintrusive monitoring;microservice-based systems;software systems;source code;legacy systems;functionally interconnected components;log gateway activity;Monitoring;Measurement;Containers;Logic gates;Tools;Instruments;Standards;Black-box monitoring;Gateway;Microservices}, 
	doi={10.1109/NCA.2018.8548311}, 
	ISSN={}, 
	month={Nov}
},
@misc{StreamSe68:online,
	author = {},
	title = {{StreamSets Enters 2018 With 5x Revenue Growth and More Than 1 Million Downloads}},
	howpublished = {\url{https://streamsets.com/pressroom/press-releases/streamsets-enters-2018-5x-revenue-growth-1-million-downloads/}},
	month = {},
	year = {}
},
@misc{kiali_online,
	author = {},
	title = {{Kiali project, observability for the Istio service mesh}},
	howpublished = {\url{https://github.com/kiali/kiali}},
	month = {},
	year = {}
},
@misc{Istio_mesh_online,
	author = {},
	title = {{Istio / What is Istio?}},
	howpublished = {\url{https://istio.io/docs/concepts/what-is-istio/}},
	month = {},
	year = {}
},
@misc{AmazonMS34:online,
	author = {},
	title = {{Amazon MSK - Amazon Web Services (AWS)}},
	howpublished = {\url{https://aws.amazon.com/msk/}},
	month = {},
	year = {}
},
@MISC{Palmquist13parallelworlds,
	author = {M. Steven Palmquist and Mary Ann Lapham and Suzanne Miller and Timothy Chick and Ipek Ozkaya},
	title = {Parallel Worlds: Agile and Waterfall Differences and Similarities},
	year = {2013}
},
@INPROCEEDINGS{8530769, 
	author={M. {Cinque} and R. {Della Corte} and R. {Iorio} and A. {Pecchia}}, 
	booktitle={2018 14th European Dependable Computing Conference (EDCC)}, 
	title={An Exploratory Study on Zeroconf Monitoring of Microservices Systems}, 
	year={2018}, 
	volume={}, 
	number={}, 
	pages={112-115}, 
	keywords={monitoring;service-oriented architecture;microservices systems;MetroFunnel;REST request-response communication model;microservices monitoring;zeroconf monitoring tool;application-transparent tool;Clearwater IMS;Monitoring;IP networks;Containers;Servers;Instruments;Time measurement;Tools;monitoring, microservices, REST, Docker, Clearwater}, 
	doi={10.1109/EDCC.2018.00028}, 
	ISSN={}, 
	month={Sep.}
},
@INPROCEEDINGS{8377902, 
	author={C. {Phipathananunth} and P. {Bunyakiati}}, 
	booktitle={2018 IEEE 42nd Annual Computer Software and Applications Conference (COMPSAC)}, 
	title={Synthetic Runtime Monitoring of Microservices Software Architecture}, 
	year={2018}, 
	volume={02}, 
	number={}, 
	pages={448-453}, 
	keywords={formal specification;object-oriented programming;software architecture;Unified Modeling Language;Pink;object diagrams;OCL specifications;synthetic runtime monitoring;microservices software architecture;microservices software systems;UML component diagram;UML sequence diagrams;monitoring scripts;Monitoring;Unified modeling language;Runtime;Tools;Testing;Software;Servers;microservices;monitoring;software test automation}, 
	doi={10.1109/COMPSAC.2018.10274}, 
	ISSN={0730-3157}, 
	month={July}
},
@book{GraphTheory,
	author = {Bang-Jensen, Jrgen and Gutin, Gregory Z.},
	title = {Digraphs: Theory, Algorithms and Applications},
	year = {2008},
	isbn = {1848009976, 9781848009974},
	edition = {2nd},
	publisher = {Springer Publishing Company, Incorporated},
},
@misc{OpsClarity,
	author = {},
	title = {{OpsClarity - Monitoring for Modern Apps and Data Infrastructure}},
	howpublished = {\url{https://www.opsclarity.com/}},
	month = {},
	year = {}
},
@misc{OpsClarity_agents,
	author = {},
	title = {{Collect Monitoring Data · OpsClarity}},
	howpublished = {\url{https://developer.lightbend.com/docs/opsclarity/current/sections/Collect-Monitoring-Data.html}},
	month = {},
	year = {}
},
@misc{Conventi95:online,
	author = {},
	title = {Convention over Configuration},
	howpublished = {\url{http://softwareengineering.vazexqi.com/files/pattern.html}},
	month = {},
	year = {}
},
@misc{GraphQLA36:online,
	author = {},
	title = {GraphQL: A data query language - {Facebook Code}},
	howpublished = {\url{https://code.fb.com/core-data/graphql-a-data-query-language/}},
	month = {},
	year = {}
},
@misc{GraphQLI51:online,
	author = {},
	title = {{GraphQL IDE | Insomnia REST Client}},
	howpublished = {\url{https://insomnia.rest/graphql/}},
	month = {},
	year = {}
},
@misc{TheWebSo73:online,
	author = {},
	title = {{The WebSocket API (WebSockets) - Web APIs | MDN}},
	howpublished = {\url{https://developer.mozilla.org/en-US/docs/Web/API/WebSockets_API}},
	month = {},
	year = {}
},
@misc{ApacheKafka,
	author = {},
	title = {{Apache Kafka}},
	howpublished = {\url{https://kafka.apache.org/intro}},
	month = {},
	year = {}
},
@misc{RabbitMQ,
	author = {},
	title = {{Messaging that just works — RabbitMQ}},
	howpublished = {\url{https://www.rabbitmq.com/}},
	month = {},
	year = {},
},
@misc{ActiveMQ,
	author = {},
	title = {{ActiveMQ}},
	howpublished = {\url{https://activemq.apache.org/}},
	month = {},
	year = {}
}
@misc{KafkaProtocol,
	author = {},
	title = {{A Guide To The Kafka Protocol - Apache Kafka - Apache Software Foundation}},
	howpublished = {\url{https://cwiki.apache.org/confluence/display/KAFKA/A+Guide+To+The+Kafka+Protocol}},
	month = {},
	year = {}
},
@misc{KafkaHeaders,
	author = {},
	title = {{A Case for Kafka Headers - Apache Kafka - Apache Software Foundation}},
	howpublished = {\url{https://cwiki.apache.org/confluence/display/KAFKA/A+Case+for+Kafka+Headers}},
	month = {},
	year = {}
},
@misc{BeanPostProcessor,
	author = {},
	title = {{BeanPostProcessor (Spring Framework 5.1.6 API)}},
	howpublished = {\url{https://docs.spring.io/spring-framework/docs/current/javadoc-api/org/springframework/beans/factory/config/BeanPostProcessor.html}},
	month = {},
	year = {}
},
@misc{ChannelInterceptor,
	author = {},
	title = {{ChannelInterceptor (Spring Framework 5.1.6 API)}},
	howpublished = {\url{https://docs.spring.io/spring/docs/current/javadoc-api/org/springframework/messaging/support/ChannelInterceptor.html}},
	month = {},
	year = {}
}
@article{WebSockets,
	added-at = {2018-11-14T00:00:00.000+0100},
	author = {Fette, Ian and Melnikov, Alexey},
	biburl = {https://www.bibsonomy.org/bibtex/27888aab753c57c1e68c068b688123ce6/dblp},
	ee = {https://www.wikidata.org/entity/Q47471455},
	interhash = {a9ed69aa19a7951d4aa83ad9191088be},
	intrahash = {7888aab753c57c1e68c068b688123ce6},
	journal = {RFC},
	keywords = {dblp},
	month = {December},
	pages = {1-71},
	timestamp = {2018-11-15T13:29:08.000+0100},
	title = {The WebSocket Protocol.},
	url = {http://dblp.uni-trier.de/db/journals/rfc/rfc6400-6499.html},
	volume = 6455,
	year = 2011
},
@misc{SpringFactories,
	author = {},
	title = {{Spring Auto-Configuration}},
	howpublished = {\url{https://docs.spring.io/spring-boot/docs/current/reference/html/boot-features-developing-auto-configuration.html}},
	month = {},
	year = {}
}


